
@MISC{pei-gov-vax,
  title        = "{Childhood Immunization Rates Year 2022\_2023 School Age}",
  abstract     = "Childhood Immunization Coverage Year 2022\_2023 for school
                  age children",
  month        =  dec,
  year         =  2023,
  howpublished = "\url{https://www.princeedwardisland.ca/en/publication/childhood-immunization-rates-year-20222023-school-age}",
  note         = "Accessed: 2024-3-6",
  language     = "en"
}

@MISC{sask-gov-vax,
  title        = "{Immunization Rates in Saskatchewan}",
  booktitle    = "{Government of Saskatchewan}",
  abstract     = "Find links to downloadable information on immunization rates
                  and vaccine-preventable disease surveillance reports in
                  Saskatchewan.",
  howpublished = "\url{https://www.saskatchewan.ca/residents/health/accessing-health-care-services/immunization-services/immunization-rates-in-saskatchewan}",
  note         = "Accessed: 2024-3-6",
  language     = "en"
}

@MISC{alberta-gov-vax,
  title        = "{Interactive Health Data Application - Select Category}",
  howpublished = "\url{http://www.ahw.gov.ab.ca/IHDA_Retrieval/selectSubCategory.do}",
  note         = "Accessed: 2024-3-6"
}

@MISC{bc-gov-vax,
  title        = "{Immunization Coverage Reports}",
  abstract     = "BCCDC works with the province's regional health authorities
                  to assess immunization coverage.",
  howpublished = "\url{http://www.bccdc.ca/health-professionals/data-reports/immunizations}",
  note         = "Accessed: 2024-3-6",
  language     = "en"
}

@MISC{statscan-vax,
  title     = "{Vaccine coverage estimates for recommended vaccines in children
               and pregnant women}",
  author    = "{Government of Canada} and Canada, Statistics",
  abstract  = "Percentages of children and pregnant women who have received
               recommended vaccines, by target population and vaccine/antigen
               covering results from the 2011, 2013, 2015, 2017, 2019, and 2021
               cycles of the Childhood National Immunization Coverage Survey.",
  publisher = "Government of Canada, Statistics Canada",
  month     =  jun,
  year      =  2023,
  language  = "en"
}
